@article{kohavi2009controlled,
  title={Controlled experiments on the web: survey and practical guide},
  author={Kohavi, Ron and Longbotham, Roger and Sommerfield, Dan and Henne, Randal M},
  journal={Data mining and knowledge discovery},
  volume={18},
  number={1},
  pages={142},
  year={2009},
  publisher={Springer}
}
@misc{m.s._2015, title={What is PREFERENCE TEST? definition of PREFERENCE TEST (Psychology Dictionary)}, url={https://psychologydictionary.org/preference-test/}, journal={Psychology Dictionary}, author={M.S., Pam}, year={2015}, month={Jul}
}
@article{gendall1998framework,
  title={A framework for questionnaire design: Labaw revisited},
  author={Gendall, Philip},
  journal={Marketing Bulletin-Department of Marketing Massey University},
  volume={9},
  pages={28--39},
  year={1998},
  publisher={Massey University}
}
@article{boone2012analyzing,
  title={Analyzing likert data},
  author={Boone, Harry N and Boone, Deborah A},
  journal={Journal of extension},
  volume={50},
  number={2},
  pages={1--5},
  year={2012}
}
@article{brooke1996sus,
  title={SUS-A quick and dirty usability scale},
  author={Brooke, John and others},
  journal={Usability evaluation in industry},
  volume={189},
  number={194},
  pages={4--7},
  year={1996},
  publisher={London--}
}
@article{harrison2007tip,
  title={Tip sheet on question wording},
  author={Harrison, Chase},
  journal={Harvard University Program on Survey Research},
  pages={1--4},
  year={2007}
}
@book{hanington2012universal,
  title={Universal methods of design: 100 ways to research complex problems, develop innovative ideas, and design effective solutions},
  author={Hanington, Bruce and Martin, Bella},
  year={2012},
  pages={180},
  publisher={Rockport Publishers}
}
@article{rubin1996handbook,
  title={Handbook of usability testing: How to plan, design, and conduct effective tests},
  author={Rubin, Jeffrey and Shirk, Henrietta Nickels},
  journal={Journal of Technical Writing and Communication},
  volume={26},
  number={1},
  pages={97--106},
  year={1996},
  publisher={Farmingdale, NY, Baywood Pub. Co.}
}
@article{charters2003use,
  title={The use of think-aloud methods in qualitative research an introduction to think-aloud methods},
  author={Charters, Elizabeth},
  journal={Brock Education Journal OLD},
  volume={12},
  number={2},
  year={2003}
}
@book{courage2005understanding,
  title={Understanding your users: A practical guide to user requirements methods, tools, and techniques},
  author={Courage, Catherine and Baxter, Kathy},
  year={2005},
  pages ={248},
  publisher={Gulf Professional Publishing}
}
@article{article,
author = {Tselios, Nikolaos and Avouris, Nikolaos and Komis, Vassilis},
year = {2008},
month = {03},
pages = {21},
title = {The effective combination of hybrid usability methods in evaluating educational applications of ICT: Issues and challenges},
volume = {13},
journal = {Education and Information Technologies},
doi = {10.1007/s10639-007-9045-5}
}
@inproceedings{joorabchi2013real,
  title={Real challenges in mobile app development},
  author={Joorabchi, Mona Erfani and Mesbah, Ali and Kruchten, Philippe},
  booktitle={2013 ACM/IEEE International Symposium on Empirical Software Engineering and Measurement},
  pages={15--24},
  year={2013},
  organization={IEEE}
}
@misc{androiddevelopers, title={Android 5.0 Behavior Changes  |  Android Developers}, url={https://developer.android.com/about/versions/android-5.0-changes.html}, journal={Android Developers}}
@misc{androiddevelopers2, title={Android 4.4 APIs  |  Android Developers}, url={https://developer.android.com/about/versions/android-4.4.html}, journal={Android Developers}}
@misc{androiddevelopers3, title={Take photos  |  Android Developers}, url={https://developer.android.com/training/camera/photobasics}, journal={Android Developers}}
@misc{yalantis_2019, title={Yalantis/uCrop}, url={https://github.com/Yalantis/uCrop}, journal={GitHub}, author={Yalantis}, year={2019}, month={Mar}}
@misc{materialdesignimageplacement, title={Imagery}, url={https://material.io/design/communication/imagery.html}, journal={Material Design}}
@misc{recyclerview, title={Create a List with RecyclerView  |  Android Developers}, url={https://developer.android.com/guide/topics/ui/layout/recyclerview}, journal={Android Developers}} 
@misc{handlingbitmaps, title={Handling bitmaps  |  Android Developers}, url={https://developer.android.com/topic/performance/graphics}, journal={Android Developers}}
@misc{santaguida_2011, title={Taking Folder and File Naming Best Practices to the Next Level}, url={http://www.exadox.com/en/articles/advanced-folder-and-file-naming-best-practices}, journal={eXadox}, author={Santaguida, Vincent}, year={2011}, month={Nov}}
@misc{intents, title={Intents and Intent Filters  |  Android Developers}, url={https://developer.android.com/guide/components/intents-filters.html}, journal={Android Developers}}
@article{fisher2013disproportionate,
  title={Disproportionate burden of melanoma mortality in young US men: the possible role of biology and behavior},
  author={Fisher, David E and Geller, Alan C},
  journal={JAMA dermatology},
  volume={149},
  number={8},
  pages={903--904},
  year={2013},
  publisher={American Medical Association}
}
@misc{affairs_2013, title={System Usability Scale (SUS)}, url={https://www.usability.gov/how-to-and-tools/methods/system-usability-scale.html}, journal={Usability.gov}, publisher={Department of Health and Human Services}, author={Affairs, Assistant Secretary for Public}, year={2013}, month={Sep}}


















